<record><leader>00000cas a2200000 a 4500</leader><controlfield tag="001">38525611</controlfield><controlfield tag="008">980227d19121922cauwr ne      0    0eng c</controlfield><datafield ind1=" " ind2=" " tag="010"><subfield code="a">sn 98061537 </subfield></datafield><datafield ind1=" " ind2=" " tag="040"><subfield code="a">CNK</subfield><subfield code="b">eng</subfield><subfield code="c">CNK</subfield><subfield code="d">OCLCQ</subfield><subfield code="d">CNK</subfield><subfield code="d">OCLCQ</subfield><subfield code="d">OCLCF</subfield><subfield code="d">OCLCO</subfield></datafield><datafield ind1="1" ind2=" " tag="029"><subfield code="a">AU@</subfield><subfield code="b">000013798175</subfield></datafield><datafield ind1=" " ind2=" " tag="042"><subfield code="a">pcc</subfield></datafield><datafield ind1=" " ind2=" " tag="043"><subfield code="a">n-us-ca</subfield></datafield><datafield ind1="0" ind2="4" tag="245"><subfield code="a">The Coronado strand.</subfield></datafield><datafield ind1="3" ind2=" " tag="246"><subfield code="a">Strand</subfield></datafield><datafield ind1=" " ind2=" " tag="260"><subfield code="a">Coronado, Calif. :</subfield><subfield code="b">Henderson &amp; Brand</subfield></datafield><datafield ind1=" " ind2=" " tag="300"><subfield code="a">v.</subfield></datafield><datafield ind1=" " ind2=" " tag="310"><subfield code="a">Weekly</subfield></datafield><datafield ind1="0" ind2=" " tag="362"><subfield code="a">Vol. 1, no. 1 (May 24, 1912)-v. 11, no. 25 (Oct. 28, 1922).</subfield></datafield><datafield ind1=" " ind2=" " tag="500"><subfield code="a">"Coronado" appears in arch above "The Strand" in masthead.</subfield></datafield><datafield ind1=" " ind2="0" tag="651"><subfield code="a">Coronado (Calif.)</subfield><subfield code="v">Newspapers.</subfield></datafield><datafield ind1=" " ind2="7" tag="655"><subfield code="a">Newspapers.</subfield><subfield code="2">fast</subfield><subfield code="0">(OCoLC)fst01423814</subfield></datafield><datafield ind1=" " ind2="7" tag="651"><subfield code="a">California</subfield><subfield code="z">Coronado.</subfield><subfield code="2">fast</subfield><subfield code="0">(OCoLC)fst01209748</subfield></datafield><datafield ind1=" " ind2=" " tag="752"><subfield code="a">United States</subfield><subfield code="b">California</subfield><subfield code="c">San Diego</subfield><subfield code="d">Coronado.</subfield></datafield><datafield ind1="0" ind2="7" tag="785"><subfield code="t">Coronado Saturday night</subfield><subfield code="w">(DLC)sn 98061536</subfield></datafield><datafield ind1="0" ind2="7" tag="785"><subfield code="t">Coronado Saturday night and the Coronado strand</subfield><subfield code="w">(DLC)sn 98061538</subfield></datafield></record>